@article{Ackley1985,
  title   = {A learning algorithm for boltzmann machines},
  journal = {Cognitive Science},
  volume  = {9},
  number  = {1},
  pages   = {147-169},
  year    = {1985},
  issn    = {0364-0213},
  doi     = {https://doi.org/10.1016/S0364-0213(85)80012-4},
  url     = {https://www.sciencedirect.com/science/article/pii/S0364021385800124},
  author  = {David H. Ackley and Geoffrey E. Hinton and Terrence J. Sejnowski}
}

@book{Geron2019,
  author    = {Aurélien Géron},
  title     = {Hands-On Machine Learning with Scikit-Learn, Keras, and TensorFlow},
  edition   = {2},
  year      = {2019},
  publisher = {O'Reilly Media},
  address   = {Canada}
}

@patent{Goldberg1954,
  author    = {Goldberg, E. A. and Jules, L.},
  title     = {U.S. Patent No. 2,684,999},
  year      = {1954},
  address   = {Washington, DC},
  publisher = {U.S. Patent and Trademark Office}
}

@article{Hopfield1982,
  author  = {J J Hopfield},
  title   = {Neural networks and physical systems with emergent collective computational abilities.},
  journal = {Proceedings of the National Academy of Sciences},
  volume  = {79},
  number  = {8},
  pages   = {2554-2558},
  year    = {1982},
  doi     = {10.1073/pnas.79.8.2554},
  url     = {https://www.pnas.org/doi/abs/10.1073/pnas.79.8.2554},
  eprint  = {https://www.pnas.org/doi/pdf/10.1073/pnas.79.8.2554}
}

@article{Hopfield1984,
  author  = {J J Hopfield},
  title   = {Neurons with graded response have collective computational properties like those of two-state neurons.},
  journal = {Proceedings of the National Academy of Sciences},
  volume  = {81},
  number  = {10},
  pages   = {3088-3092},
  year    = {1984},
  doi     = {10.1073/pnas.81.10.3088},
  url     = {https://www.pnas.org/doi/abs/10.1073/pnas.81.10.3088},
  eprint  = {https://www.pnas.org/doi/pdf/10.1073/pnas.81.10.3088}
}

@incollection{Lecun2006,
  title     = {A Tutorial on Energy-Based Learning},
  author    = {Yann LeCun and Sumit Chopra and Raia Hadsell and Marc’Aurelio Ranzato and Fu Jie Huang},
  booktitle = {Predicting Structured Data},
  editor    = {G. Bakir and T. Hofman and B. Schölkopf and A. Smola and B. Taskar},
  publisher = {MIT Press},
  address   = {Cambridge, MA},
  year      = {2006},
  url       = {http://yann.lecun.com},
  note      = {v1.0, August 19, 2006}
}

@article{Lowel1992,
  title   = {Selection of intrinsic horizontal connections in the visual cortex by correlated neuronal activity},
  author  = {Lowel, Siegrid and Singer, Wolf},
  journal = {Science},
  volume  = {255},
  number  = {5041},
  year    = {1992},
  pages   = {211}
}

@techreport{Macnee1948,
  author      = {Macnee, A. B.},
  title       = {An Electronic Differential Analyzer},
  institution = {Research Laboratory of Electronics, Massachusetts Institute of Technology},
  year        = {1948},
  number      = {Technical Report No. 90},
  month       = {December 16}
}

@article{McCulloch1943,
  title     = {A logical calculus of the ideas immanent in nervous activity},
  volume    = {5},
  issn      = {1522-9602},
  url       = {http://dx.doi.org/10.1007/bf02478259},
  doi       = {10.1007/bf02478259},
  number    = {4},
  journal   = {The Bulletin of Mathematical Biophysics},
  publisher = {Springer Science and Business Media LLC},
  author    = {McCulloch,  Warren S. and Pitts,  Walter},
  year      = {1943},
  month     = dec,
  pages     = {115–133}
}

@misc{OpenAI2024,
  title         = {GPT-4 Technical Report},
  author        = {OpenAI and Josh Achiam and Steven Adler and Sandhini Agarwal and Lama Ahmad and Ilge Akkaya and Florencia Leoni Aleman and Diogo Almeida and Janko Altenschmidt and Sam Altman and Shyamal Anadkat and Red Avila and Igor Babuschkin and Suchir Balaji and Valerie Balcom and Paul Baltescu and Haiming Bao and Mohammad Bavarian and Jeff Belgum and Irwan Bello and Jake Berdine and Gabriel Bernadett-Shapiro and Christopher Berner and Lenny Bogdonoff and Oleg Boiko and Madelaine Boyd and Anna-Luisa Brakman and Greg Brockman and Tim Brooks and Miles Brundage and Kevin Button and Trevor Cai and Rosie Campbell and Andrew Cann and Brittany Carey and Chelsea Carlson and Rory Carmichael and Brooke Chan and Che Chang and Fotis Chantzis and Derek Chen and Sully Chen and Ruby Chen and Jason Chen and Mark Chen and Ben Chess and Chester Cho and Casey Chu and Hyung Won Chung and Dave Cummings and Jeremiah Currier and Yunxing Dai and Cory Decareaux and Thomas Degry and Noah Deutsch and Damien Deville and Arka Dhar and David Dohan and Steve Dowling and Sheila Dunning and Adrien Ecoffet and Atty Eleti and Tyna Eloundou and David Farhi and Liam Fedus and Niko Felix and Simón Posada Fishman and Juston Forte and Isabella Fulford and Leo Gao and Elie Georges and Christian Gibson and Vik Goel and Tarun Gogineni and Gabriel Goh and Rapha Gontijo-Lopes and Jonathan Gordon and Morgan Grafstein and Scott Gray and Ryan Greene and Joshua Gross and Shixiang Shane Gu and Yufei Guo and Chris Hallacy and Jesse Han and Jeff Harris and Yuchen He and Mike Heaton and Johannes Heidecke and Chris Hesse and Alan Hickey and Wade Hickey and Peter Hoeschele and Brandon Houghton and Kenny Hsu and Shengli Hu and Xin Hu and Joost Huizinga and Shantanu Jain and Shawn Jain and Joanne Jang and Angela Jiang and Roger Jiang and Haozhun Jin and Denny Jin and Shino Jomoto and Billie Jonn and Heewoo Jun and Tomer Kaftan and Łukasz Kaiser and Ali Kamali and Ingmar Kanitscheider and Nitish Shirish Keskar and Tabarak Khan and Logan Kilpatrick and Jong Wook Kim and Christina Kim and Yongjik Kim and Jan Hendrik Kirchner and Jamie Kiros and Matt Knight and Daniel Kokotajlo and Łukasz Kondraciuk and Andrew Kondrich and Aris Konstantinidis and Kyle Kosic and Gretchen Krueger and Vishal Kuo and Michael Lampe and Ikai Lan and Teddy Lee and Jan Leike and Jade Leung and Daniel Levy and Chak Ming Li and Rachel Lim and Molly Lin and Stephanie Lin and Mateusz Litwin and Theresa Lopez and Ryan Lowe and Patricia Lue and Anna Makanju and Kim Malfacini and Sam Manning and Todor Markov and Yaniv Markovski and Bianca Martin and Katie Mayer and Andrew Mayne and Bob McGrew and Scott Mayer McKinney and Christine McLeavey and Paul McMillan and Jake McNeil and David Medina and Aalok Mehta and Jacob Menick and Luke Metz and Andrey Mishchenko and Pamela Mishkin and Vinnie Monaco and Evan Morikawa and Daniel Mossing and Tong Mu and Mira Murati and Oleg Murk and David Mély and Ashvin Nair and Reiichiro Nakano and Rajeev Nayak and Arvind Neelakantan and Richard Ngo and Hyeonwoo Noh and Long Ouyang and Cullen O'Keefe and Jakub Pachocki and Alex Paino and Joe Palermo and Ashley Pantuliano and Giambattista Parascandolo and Joel Parish and Emy Parparita and Alex Passos and Mikhail Pavlov and Andrew Peng and Adam Perelman and Filipe de Avila Belbute Peres and Michael Petrov and Henrique Ponde de Oliveira Pinto and Michael and Pokorny and Michelle Pokrass and Vitchyr H. Pong and Tolly Powell and Alethea Power and Boris Power and Elizabeth Proehl and Raul Puri and Alec Radford and Jack Rae and Aditya Ramesh and Cameron Raymond and Francis Real and Kendra Rimbach and Carl Ross and Bob Rotsted and Henri Roussez and Nick Ryder and Mario Saltarelli and Ted Sanders and Shibani Santurkar and Girish Sastry and Heather Schmidt and David Schnurr and John Schulman and Daniel Selsam and Kyla Sheppard and Toki Sherbakov and Jessica Shieh and Sarah Shoker and Pranav Shyam and Szymon Sidor and Eric Sigler and Maddie Simens and Jordan Sitkin and Katarina Slama and Ian Sohl and Benjamin Sokolowsky and Yang Song and Natalie Staudacher and Felipe Petroski Such and Natalie Summers and Ilya Sutskever and Jie Tang and Nikolas Tezak and Madeleine B. Thompson and Phil Tillet and Amin Tootoonchian and Elizabeth Tseng and Preston Tuggle and Nick Turley and Jerry Tworek and Juan Felipe Cerón Uribe and Andrea Vallone and Arun Vijayvergiya and Chelsea Voss and Carroll Wainwright and Justin Jay Wang and Alvin Wang and Ben Wang and Jonathan Ward and Jason Wei and CJ Weinmann and Akila Welihinda and Peter Welinder and Jiayi Weng and Lilian Weng and Matt Wiethoff and Dave Willner and Clemens Winter and Samuel Wolrich and Hannah Wong and Lauren Workman and Sherwin Wu and Jeff Wu and Michael Wu and Kai Xiao and Tao Xu and Sarah Yoo and Kevin Yu and Qiming Yuan and Wojciech Zaremba and Rowan Zellers and Chong Zhang and Marvin Zhang and Shengjia Zhao and Tianhao Zheng and Juntang Zhuang and William Zhuk and Barret Zoph},
  year          = {2024},
  eprint        = {2303.08774},
  archiveprefix = {arXiv},
  primaryclass  = {cs.CL},
  url           = {https://arxiv.org/abs/2303.08774}
}

@article{Rosenblatt1958,
  title     = {The perceptron: A probabilistic model for information storage and organization in the brain.},
  volume    = {65},
  issn      = {0033-295X},
  url       = {http://dx.doi.org/10.1037/h0042519},
  doi       = {10.1037/h0042519},
  number    = {6},
  journal   = {Psychological Review},
  publisher = {American Psychological Association (APA)},
  author    = {Rosenblatt,  F.},
  year      = {1958},
  pages     = {386–408}
}

@incollection{Rumelhart1986,
  author    = {D. E. Rumelhart and G. E. Hinton and R. J. Williams},
  title     = {Learning internal representations by error propagation},
  booktitle = {Parallel Distributed Processing: Explorations in the Microstructure of Cognition},
  editor    = {D. E. Rumelhart and J. L. McClelland},
  volume    = {1},
  pages     = {318--362},
  year      = {1986},
  publisher = {MIT Press}
}

@article{Scellier2017,
  author  = {Scellier, Benjamin  and Bengio, Yoshua },
  title   = {Equilibrium Propagation: Bridging the Gap between Energy-Based Models and Backpropagation},
  journal = {Frontiers in Computational Neuroscience},
  volume  = {11},
  year    = {2017},
  url     = {https://www.frontiersin.org/journals/computational-neuroscience/articles/10.3389/fncom.2017.00024},
  doi     = {10.3389/fncom.2017.00024},
  issn    = {1662-5188}
}

@book{Schwarz1971,
  title     = {Analogprogrammierung – Theorie und Praxis des Programmierens für Analogrechner},
  author    = {Schwarz, Wolfgang},
  publisher = {VEB Fachbuchverlag Leipzig},
  year      = {1971},
  edition   = {1}
}

@book{Stepanow1956,
  title     = {Lehrbuch der Differentialgleichungen},
  author    = {Stepanow, W. W.},
  publisher = {VEB Deutscher Verlag der Wissenschaften Berlin},
  year      = {1956}
}

@book{Ulmann2022,
  title     = {Analog Computing},
  author    = {Ulmann, Bernd},
  year      = {2022},
  publisher = {DeGruyter}
}

@article{Alonso2019,
  author    = {Gabino Alonso},
  title     = {Get Up and Running with LTspice},
  journal   = {Analog Dialogue},
  volume    = {53},
  number    = {4},
  year      = {2019},
  publisher = {Analog Devices}
}

@manual{Peasley2018,
  author      = {Eric Peasley and I. F. Mear},
  title       = {An Introduction to Using Simulink},
  year        = {2018},
  version     = {5.0},
  institution = {Department of Engineering Science, University of Oxford}
}

@misc{MathWorksSimscape,
  author = {MathWorks},
  title  = {Simscape - Physical Modeling Environment},
  year   = {2024},
  url    = {https://de.mathworks.com/products/simscape.html},
  note   = {Accessed: 2024-02-01}
}

@misc{NIMultisim,
  author = {National Instruments},
  title  = {What is Multisim? - Application Software for Electronic Test and Instrumentation},
  year   = {2024},
  url    = {https://www.ni.com/de/shop/electronic-test-instrumentation/application-software-for-electronic-test-and-instrumentation-category/what-is-multisim.html},
  note   = {Accessed: 2024-02-01}
}

@misc{CadencePSpice,
  author = {Cadence Design Systems},
  title  = {PSpice - Analog and Mixed-Signal Simulation},
  year   = {2024},
  url    = {https://www.cadence.com/en_US/home/tools/pcb-design-and-analysis/analog-mixed-signal-simulation/pspice.html},
  note   = {Accessed: 2024-02-01}
}

@misc{AnalogDevicesLTSpice,
  author = {Analog Devices},
  title  = {LTspice Simulator - Design Tools and Calculators},
  year   = {2024},
  url    = {https://www.analog.com/en/resources/design-tools-and-calculators/ltspice-simulator.html},
  note   = {Accessed: 2024-02-01}
}

@misc{MaffeiLTSpiceAnalogComputer,
  author = {Paolo Maffei},
  title  = {LTSpice Analog Computer},
  year   = {2024},
  url    = {https://github.com/Paolo-Maffei/LTSpice-Analog-Computer},
  note   = {Accessed: 2024-02-01}
}

@misc{TheAnalogThingDocs,
  author = {Anabrid GmbH},
  title  = {Documentation - The Analog Thing},
  year   = {2024},
  url    = {https://the-analog-thing.org/docs/dirhtml/},
  note   = {Accessed: 2024-02-01}
}

@manual{AnabridLucidAC2025,
  author      = {Anabrid GmbH},
  title       = {LUCIDAC User Manual},
  year        = {2025},
  edition     = {3.0 (third edition)},
  institution = {Anabrid GmbH}
}

@misc{AnabridLucipy,
  author = {Anabrid GmbH},
  title  = {Lucipy - Python Client for LUCIDAC},
  year   = {2024},
  url    = {https://github.com/anabrid/lucipy},
  note   = {Accessed: 2024-02-01}
}

@misc{AnabridWebsite,
  author = {Anabrid GmbH},
  title  = {Anabrid - Analog and Hybrid Computing Solutions},
  year   = {2024},
  url    = {https://anabrid.com/},
  note   = {Accessed: 2024-02-01}
}

@article{Guo2015,
  title     = {Modeling and experimental demonstration of a Hopfield network analog-to-digital converter with hybrid {CMOS/memristor} circuits},
  author    = {Guo, Xinjie and Merrikh-Bayat, Farnood and Gao, Ligang and Hoskins, Brian D and Alibart, Fabien and Linares-Barranco, Bernabe and Theogarajan, Luke and Teuscher, Christof and Strukov, Dmitri B},
  journal   = {Front. Neurosci.},
  publisher = {Frontiers Media SA},
  volume    = 9,
  pages     = {488},
  year      = 2015
}

@inproceedings{Mathews2023,
  author    = {Mathews, Pranav O. and Hasler, Jennifer O.},
  booktitle = {2023 IEEE International Symposium on Circuits and Systems (ISCAS)},
  title     = {Physical Computing for Hopfield Networks on a Reconfigurable Analog IC},
  year      = {2023},
  volume    = {},
  number    = {},
  pages     = {1-5},
  keywords  = {Integrated circuits;Virtual machine monitors;Circuits and systems;Hopfield neural networks;Field programmable analog arrays;Transconductance;Optimization;FPAA;Hopfield;Floating-Gate;Max-Cut}
}

@article{Hu2015,
  title     = {Associative memory realized by a reconfigurable memristive Hopfield neural network},
  author    = {Hu, S G and Liu, Y and Liu, Z and Chen, T P and Wang, J J and Yu, Q and Deng, L J and Yin, Y and Hosaka, Sumio},
  journal   = {Nat. Commun.},
  publisher = {Springer Science and Business Media LLC},
  volume    = 6,
  number    = 1,
  pages     = {7522},
  year      = 2015,
  copyright = {https://www.springernature.com/gp/researchers/text-and-data-mining}
}

@article{Hong2020,
  title     = {Memristive continuous Hopfield neural network circuit for image restoration},
  author    = {Hong, Qinghui and Li, Ya and Wang, Xiaoping},
  journal   = {Neural Comput. Appl.},
  publisher = {Springer Science and Business Media LLC},
  volume    = 32,
  number    = 12,
  pages     = {8175--8185},
  year      = 2020
}

@article{Kendall2020,
  title  = {Training end-to-end analog neural networks with Equilibrium Propagation},
  author = {Kendall, Jack and Pantone, Ross and Manickavasagam, Kalpana and Bengio, Yoshua and Scellier, Benjamin},
  year   = 2020,
  doi    = {https://doi.org/10.48550/arXiv.2006.01981}
}

@article{Ernoult2020,
  title        = {Equilibrium Propagation with continual weight updates},
  author       = {Ernoult, Maxence and Grollier, Julie and Querlioz, Damien and Bengio, Yoshua and Scellier, Benjamin},
  year         = 2020,
  primaryclass = {cs.NE},
  eprint       = {2005.04168},
  doi          = {https://doi.org/10.48550/arXiv.2005.04168}
}

@article{Martin2020,
  title  = {{EqSpike}: Spike-driven Equilibrium Propagation for neuromorphic implementations},
  author = {Martin, Erwann and Ernoult, Maxence and Laydevant, J{\'e}r{\'e}mie and Li, Shuai and Querlioz, Damien and Petrisor, Teodora and Grollier, Julie},
  year   = 2020,
  eprint = {2010.07859},
  doi    = {https://doi.org/10.48550/arXiv.2010.07859}
}

@article{Deng2012,
  title     = {The {MNIST} database of handwritten digit images for machine learning research [best of the web]},
  author    = {Deng, Li},
  journal   = {IEEE Signal Process. Mag.},
  publisher = {Institute of Electrical and Electronics Engineers (IEEE)},
  volume    = 29,
  number    = 6,
  pages     = {141--142},
  month     = nov,
  year      = 2012,
  copyright = {https://ieeexplore.ieee.org/Xplorehelp/downloads/license-information/IEEE.html}
}

@article{Onen2022,
  title        = {Neural network training with asymmetric crosspoint elements},
  author       = {Onen, Murat and Gokmen, Tayfun and Todorov, Teodor K and Nowicki, Tomasz and del Alamo, Jesus A and Rozen, John and Haensch, Wilfried and Kim, Seyoung},
  year         = 2022,
  primaryclass = {cs.LG},
  eprint       = {2201.13377}
}

@article{Rasch2024,
  title    = {Fast and robust analog in-memory deep neural network training},
  author   = {Rasch, Malte J and Carta, Fabio and Fagbohungbe, Omobayode and Gokmen, Tayfun},
  journal  = {Nat. Commun.},
  volume   = 15,
  number   = 1,
  pages    = {7133},
  month    = aug,
  year     = 2024,
  language = {en}
}

@article{McCaughan2023,
  title     = {Multiplexed gradient descent: Fast online training of modern datasets on hardware neural networks without backpropagation},
  author    = {McCaughan, Adam N and Oripov, Bakhrom G and Ganesh, Natesh and Nam, Sae Woo and Dienstfrey, Andrew and Buckley, Sonia M},
  journal   = {APL Machine Learning},
  publisher = {AIP Publishing},
  volume    = 1,
  number    = 2,
  month     = jun,
  year      = 2023,
  language  = {en}
}

@article{Sakemi2024,
  title        = {Training physical neural networks for analog in-memory computing},
  author       = {Sakemi, Yusuke and Okamoto, Yuji and Morie, Takashi and Nobukawa, Sou and Hosomi, Takeo and Aihara, Kazuyuki},
  year         = 2024,
  primaryclass = {cs.LG},
  eprint       = {2412.09010}
}
